%YAML 1.1
%TAG !u! tag:unity3d.com,2011:
--- !u!1 &4375533145772058109
GameObject:
  m_ObjectHideFlags: 0
  m_CorrespondingSourceObject: {fileID: 0}
  m_PrefabInstance: {fileID: 0}
  m_PrefabAsset: {fileID: 0}
  serializedVersion: 6
  m_Component:
  - component: {fileID: 4375533145772058097}
  - component: {fileID: 4375533145772058096}
  - component: {fileID: 4375533145772058111}
  - component: {fileID: 4375533145772058110}
  m_Layer: 0
  m_Name: LightningCube
  m_TagString: Untagged
  m_Icon: {fileID: 0}
  m_NavMeshLayer: 0
  m_StaticEditorFlags: 0
  m_IsActive: 1
--- !u!4 &4375533145772058097
Transform:
  m_ObjectHideFlags: 0
  m_CorrespondingSourceObject: {fileID: 0}
  m_PrefabInstance: {fileID: 0}
  m_PrefabAsset: {fileID: 0}
  m_GameObject: {fileID: 4375533145772058109}
  m_LocalRotation: {x: 0, y: 0, z: 0, w: 1}
  m_LocalPosition: {x: 277.2, y: 0.5, z: 233.86}
  m_LocalScale: {x: 1, y: 1, z: 1}
  m_Children:
  - {fileID: 4375533146781675013}
  - {fileID: 5649806554437408505}
  m_Father: {fileID: 0}
  m_RootOrder: 0
  m_LocalEulerAnglesHint: {x: 0, y: 0, z: 0}
--- !u!114 &4375533145772058096
MonoBehaviour:
  m_ObjectHideFlags: 0
  m_CorrespondingSourceObject: {fileID: 0}
  m_PrefabInstance: {fileID: 0}
  m_PrefabAsset: {fileID: 0}
  m_GameObject: {fileID: 4375533145772058109}
  m_Enabled: 1
  m_EditorHideFlags: 0
  m_Script: {fileID: 11500000, guid: 204458dac6e554476ae57065fcf85124, type: 3}
  m_Name: 
  m_EditorClassIdentifier: 
  isDestroyable: 1
  lifeTime: 5
--- !u!65 &4375533145772058111
BoxCollider:
  m_ObjectHideFlags: 0
  m_CorrespondingSourceObject: {fileID: 0}
  m_PrefabInstance: {fileID: 0}
  m_PrefabAsset: {fileID: 0}
  m_GameObject: {fileID: 4375533145772058109}
  m_Material: {fileID: 0}
  m_IsTrigger: 1
  m_Enabled: 1
  serializedVersion: 2
  m_Size: {x: 5, y: 1, z: 5}
  m_Center: {x: 0, y: 0, z: 0}
--- !u!54 &4375533145772058110
Rigidbody:
  m_ObjectHideFlags: 0
  m_CorrespondingSourceObject: {fileID: 0}
  m_PrefabInstance: {fileID: 0}
  m_PrefabAsset: {fileID: 0}
  m_GameObject: {fileID: 4375533145772058109}
  serializedVersion: 2
  m_Mass: 1
  m_Drag: 0
  m_AngularDrag: 0.05
  m_UseGravity: 0
  m_IsKinematic: 0
  m_Interpolate: 0
  m_Constraints: 0
  m_CollisionDetection: 0
--- !u!1 &4375533146781675012
GameObject:
  m_ObjectHideFlags: 0
  m_CorrespondingSourceObject: {fileID: 0}
  m_PrefabInstance: {fileID: 0}
  m_PrefabAsset: {fileID: 0}
  serializedVersion: 6
  m_Component:
  - component: {fileID: 4375533146781675013}
  - component: {fileID: 4375533146781675032}
  - component: {fileID: 4375533146781675015}
  - component: {fileID: 4375533146781675014}
  m_Layer: 0
  m_Name: Sphere
  m_TagString: Untagged
  m_Icon: {fileID: 0}
  m_NavMeshLayer: 0
  m_StaticEditorFlags: 0
  m_IsActive: 1
--- !u!4 &4375533146781675013
Transform:
  m_ObjectHideFlags: 0
  m_CorrespondingSourceObject: {fileID: 0}
  m_PrefabInstance: {fileID: 0}
  m_PrefabAsset: {fileID: 0}
  m_GameObject: {fileID: 4375533146781675012}
  m_LocalRotation: {x: 0, y: 0, z: 0, w: 1}
  m_LocalPosition: {x: 0, y: 0, z: 0}
  m_LocalScale: {x: 1, y: 1, z: 1}
  m_Children: []
  m_Father: {fileID: 4375533145772058097}
  m_RootOrder: 0
  m_LocalEulerAnglesHint: {x: 0, y: 0, z: 0}
--- !u!33 &4375533146781675032
MeshFilter:
  m_ObjectHideFlags: 0
  m_CorrespondingSourceObject: {fileID: 0}
  m_PrefabInstance: {fileID: 0}
  m_PrefabAsset: {fileID: 0}
  m_GameObject: {fileID: 4375533146781675012}
  m_Mesh: {fileID: 10207, guid: 0000000000000000e000000000000000, type: 0}
--- !u!23 &4375533146781675015
MeshRenderer:
  m_ObjectHideFlags: 0
  m_CorrespondingSourceObject: {fileID: 0}
  m_PrefabInstance: {fileID: 0}
  m_PrefabAsset: {fileID: 0}
  m_GameObject: {fileID: 4375533146781675012}
  m_Enabled: 1
  m_CastShadows: 1
  m_ReceiveShadows: 1
  m_DynamicOccludee: 1
  m_MotionVectors: 1
  m_LightProbeUsage: 1
  m_ReflectionProbeUsage: 1
  m_RayTracingMode: 2
  m_RenderingLayerMask: 1
  m_RendererPriority: 0
  m_Materials:
  - {fileID: 2100000, guid: d0c3062f514ba4d96bbdd492f7f641f8, type: 2}
  m_StaticBatchInfo:
    firstSubMesh: 0
    subMeshCount: 0
  m_StaticBatchRoot: {fileID: 0}
  m_ProbeAnchor: {fileID: 0}
  m_LightProbeVolumeOverride: {fileID: 0}
  m_ScaleInLightmap: 1
  m_ReceiveGI: 1
  m_PreserveUVs: 0
  m_IgnoreNormalsForChartDetection: 0
  m_ImportantGI: 0
  m_StitchLightmapSeams: 1
  m_SelectedEditorRenderState: 3
  m_MinimumChartSize: 4
  m_AutoUVMaxDistance: 0.5
  m_AutoUVMaxAngle: 89
  m_LightmapParameters: {fileID: 0}
  m_SortingLayerID: 0
  m_SortingLayer: 0
  m_SortingOrder: 0
--- !u!135 &4375533146781675014
SphereCollider:
  m_ObjectHideFlags: 0
  m_CorrespondingSourceObject: {fileID: 0}
  m_PrefabInstance: {fileID: 0}
  m_PrefabAsset: {fileID: 0}
  m_GameObject: {fileID: 4375533146781675012}
  m_Material: {fileID: 0}
  m_IsTrigger: 0
  m_Enabled: 1
  serializedVersion: 2
  m_Radius: 0.5
  m_Center: {x: 0, y: 0, z: 0}
--- !u!1001 &4375533146643212850
PrefabInstance:
  m_ObjectHideFlags: 0
  serializedVersion: 2
  m_Modification:
    m_TransformParent: {fileID: 4375533145772058097}
    m_Modifications:
    - target: {fileID: 8273430370078686406, guid: 0ecdcd9ac26e8486fa07fc234d8b72af,
        type: 3}
      propertyPath: m_Name
      value: LightningDup
      objectReference: {fileID: 0}
    - target: {fileID: 8273430370078686406, guid: 0ecdcd9ac26e8486fa07fc234d8b72af,
        type: 3}
      propertyPath: m_IsActive
      value: 1
      objectReference: {fileID: 0}
    - target: {fileID: 8273430370078686408, guid: 0ecdcd9ac26e8486fa07fc234d8b72af,
        type: 3}
      propertyPath: ShapeModule.m_Scale.x
      value: 10
      objectReference: {fileID: 0}
    - target: {fileID: 8273430370078686408, guid: 0ecdcd9ac26e8486fa07fc234d8b72af,
        type: 3}
      propertyPath: ShapeModule.m_Scale.y
      value: 10
      objectReference: {fileID: 0}
    - target: {fileID: 8273430370078686408, guid: 0ecdcd9ac26e8486fa07fc234d8b72af,
        type: 3}
      propertyPath: EmissionModule.rateOverTime.scalar
      value: 30
      objectReference: {fileID: 0}
    - target: {fileID: 8273430370078686408, guid: 0ecdcd9ac26e8486fa07fc234d8b72af,
        type: 3}
      propertyPath: ShapeModule.type
      value: 10
      objectReference: {fileID: 0}
    - target: {fileID: 8273430370078686408, guid: 0ecdcd9ac26e8486fa07fc234d8b72af,
        type: 3}
      propertyPath: ShapeModule.arc.mode
      value: 0
      objectReference: {fileID: 0}
    - target: {fileID: 8273430370078686408, guid: 0ecdcd9ac26e8486fa07fc234d8b72af,
        type: 3}
      propertyPath: ShapeModule.radius.value
      value: 0.3
      objectReference: {fileID: 0}
    - target: {fileID: 8273430370078686408, guid: 0ecdcd9ac26e8486fa07fc234d8b72af,
        type: 3}
      propertyPath: ShapeModule.arc.spread
      value: 0
      objectReference: {fileID: 0}
    - target: {fileID: 8273430370078686408, guid: 0ecdcd9ac26e8486fa07fc234d8b72af,
        type: 3}
      propertyPath: ShapeModule.arc.speed.scalar
      value: 1
      objectReference: {fileID: 0}
    - target: {fileID: 8273430370078686408, guid: 0ecdcd9ac26e8486fa07fc234d8b72af,
        type: 3}
      propertyPath: TrailModule.colorOverLifetime.maxGradient.key1.r
      value: 0.96521556
      objectReference: {fileID: 0}
    - target: {fileID: 8273430370078686408, guid: 0ecdcd9ac26e8486fa07fc234d8b72af,
        type: 3}
      propertyPath: TrailModule.colorOverLifetime.maxGradient.key1.g
      value: 1
      objectReference: {fileID: 0}
    - target: {fileID: 8273430370078686408, guid: 0ecdcd9ac26e8486fa07fc234d8b72af,
        type: 3}
      propertyPath: TrailModule.colorOverLifetime.maxGradient.key1.b
      value: 0
      objectReference: {fileID: 0}
    - target: {fileID: 8273430370078686408, guid: 0ecdcd9ac26e8486fa07fc234d8b72af,
        type: 3}
      propertyPath: TrailModule.colorOverLifetime.maxGradient.key2.r
      value: 1
      objectReference: {fileID: 0}
    - target: {fileID: 8273430370078686408, guid: 0ecdcd9ac26e8486fa07fc234d8b72af,
        type: 3}
      propertyPath: TrailModule.colorOverLifetime.maxGradient.key2.g
      value: 0.21960783
      objectReference: {fileID: 0}
    - target: {fileID: 8273430370078686408, guid: 0ecdcd9ac26e8486fa07fc234d8b72af,
        type: 3}
      propertyPath: TrailModule.colorOverLifetime.maxGradient.key2.b
      value: 0.92670166
      objectReference: {fileID: 0}
    - target: {fileID: 8273430370078686408, guid: 0ecdcd9ac26e8486fa07fc234d8b72af,
        type: 3}
      propertyPath: TrailModule.colorOverLifetime.maxGradient.ctime1
      value: 65535
      objectReference: {fileID: 0}
    - target: {fileID: 8273430370078686408, guid: 0ecdcd9ac26e8486fa07fc234d8b72af,
        type: 3}
      propertyPath: TrailModule.colorOverLifetime.maxGradient.ctime2
      value: 65535
      objectReference: {fileID: 0}
    - target: {fileID: 8273430370078686408, guid: 0ecdcd9ac26e8486fa07fc234d8b72af,
        type: 3}
      propertyPath: TrailModule.colorOverLifetime.maxGradient.m_NumColorKeys
      value: 2
      objectReference: {fileID: 0}
    - target: {fileID: 8273430370078686408, guid: 0ecdcd9ac26e8486fa07fc234d8b72af,
        type: 3}
      propertyPath: TrailModule.colorOverLifetime.maxGradient.key0.r
      value: 1
      objectReference: {fileID: 0}
    - target: {fileID: 8273430370078686408, guid: 0ecdcd9ac26e8486fa07fc234d8b72af,
        type: 3}
      propertyPath: TrailModule.colorOverLifetime.maxGradient.key0.g
      value: 1
      objectReference: {fileID: 0}
    - target: {fileID: 8273430370078686408, guid: 0ecdcd9ac26e8486fa07fc234d8b72af,
        type: 3}
      propertyPath: TrailModule.generateLightingData
      value: 1
      objectReference: {fileID: 0}
    - target: {fileID: 8273430370078686408, guid: 0ecdcd9ac26e8486fa07fc234d8b72af,
        type: 3}
      propertyPath: TrailModule.colorOverTrail.maxGradient.key0.r
      value: 1
      objectReference: {fileID: 0}
    - target: {fileID: 8273430370078686408, guid: 0ecdcd9ac26e8486fa07fc234d8b72af,
        type: 3}
      propertyPath: TrailModule.colorOverTrail.maxGradient.key0.g
      value: 0.959195
      objectReference: {fileID: 0}
    - target: {fileID: 8273430370078686408, guid: 0ecdcd9ac26e8486fa07fc234d8b72af,
        type: 3}
      propertyPath: TrailModule.colorOverTrail.maxGradient.key0.b
      value: 0
      objectReference: {fileID: 0}
    - target: {fileID: 8273430370078686408, guid: 0ecdcd9ac26e8486fa07fc234d8b72af,
        type: 3}
      propertyPath: TrailModule.colorOverTrail.maxGradient.key1.r
      value: 1
      objectReference: {fileID: 0}
    - target: {fileID: 8273430370078686408, guid: 0ecdcd9ac26e8486fa07fc234d8b72af,
        type: 3}
      propertyPath: TrailModule.colorOverTrail.maxGradient.key1.g
      value: 0.30296707
      objectReference: {fileID: 0}
    - target: {fileID: 8273430370078686408, guid: 0ecdcd9ac26e8486fa07fc234d8b72af,
        type: 3}
      propertyPath: TrailModule.colorOverTrail.maxGradient.key1.b
      value: 0
      objectReference: {fileID: 0}
    - target: {fileID: 8273430370078686408, guid: 0ecdcd9ac26e8486fa07fc234d8b72af,
        type: 3}
      propertyPath: TrailModule.colorOverLifetime.maxGradient.ctime0
      value: 771
      objectReference: {fileID: 0}
    - target: {fileID: 8273430370078686408, guid: 0ecdcd9ac26e8486fa07fc234d8b72af,
        type: 3}
      propertyPath: TrailModule.colorOverLifetime.maxGradient.key0.b
      value: 1
      objectReference: {fileID: 0}
    - target: {fileID: 8273430370078686408, guid: 0ecdcd9ac26e8486fa07fc234d8b72af,
        type: 3}
      propertyPath: ColorModule.enabled
      value: 0
      objectReference: {fileID: 0}
    - target: {fileID: 8273430370078686408, guid: 0ecdcd9ac26e8486fa07fc234d8b72af,
        type: 3}
      propertyPath: InitialModule.startLifetime.minScalar
      value: 0.1
      objectReference: {fileID: 0}
    - target: {fileID: 8273430370078686408, guid: 0ecdcd9ac26e8486fa07fc234d8b72af,
        type: 3}
      propertyPath: InitialModule.startLifetime.scalar
      value: 0.2
      objectReference: {fileID: 0}
    - target: {fileID: 8273430370078686408, guid: 0ecdcd9ac26e8486fa07fc234d8b72af,
        type: 3}
      propertyPath: ShapeModule.radiusThickness
      value: 1
      objectReference: {fileID: 0}
    - target: {fileID: 8273430370078686409, guid: 0ecdcd9ac26e8486fa07fc234d8b72af,
        type: 3}
      propertyPath: m_Materials.Array.data[0]
      value: 
      objectReference: {fileID: 0}
    - target: {fileID: 8273430370078686411, guid: 0ecdcd9ac26e8486fa07fc234d8b72af,
        type: 3}
      propertyPath: m_LocalPosition.x
      value: 0
      objectReference: {fileID: 0}
    - target: {fileID: 8273430370078686411, guid: 0ecdcd9ac26e8486fa07fc234d8b72af,
        type: 3}
      propertyPath: m_LocalPosition.y
      value: 0
      objectReference: {fileID: 0}
    - target: {fileID: 8273430370078686411, guid: 0ecdcd9ac26e8486fa07fc234d8b72af,
        type: 3}
      propertyPath: m_LocalPosition.z
      value: 0
      objectReference: {fileID: 0}
    - target: {fileID: 8273430370078686411, guid: 0ecdcd9ac26e8486fa07fc234d8b72af,
        type: 3}
      propertyPath: m_LocalRotation.x
      value: -0.7071068
      objectReference: {fileID: 0}
    - target: {fileID: 8273430370078686411, guid: 0ecdcd9ac26e8486fa07fc234d8b72af,
        type: 3}
      propertyPath: m_LocalRotation.y
      value: 0
      objectReference: {fileID: 0}
    - target: {fileID: 8273430370078686411, guid: 0ecdcd9ac26e8486fa07fc234d8b72af,
        type: 3}
      propertyPath: m_LocalRotation.z
      value: 0
      objectReference: {fileID: 0}
    - target: {fileID: 8273430370078686411, guid: 0ecdcd9ac26e8486fa07fc234d8b72af,
        type: 3}
      propertyPath: m_LocalRotation.w
      value: 0.7071068
      objectReference: {fileID: 0}
    - target: {fileID: 8273430370078686411, guid: 0ecdcd9ac26e8486fa07fc234d8b72af,
        type: 3}
      propertyPath: m_RootOrder
      value: 1
      objectReference: {fileID: 0}
    - target: {fileID: 8273430370078686411, guid: 0ecdcd9ac26e8486fa07fc234d8b72af,
        type: 3}
      propertyPath: m_LocalEulerAnglesHint.x
      value: -90.00001
      objectReference: {fileID: 0}
    - target: {fileID: 8273430370078686411, guid: 0ecdcd9ac26e8486fa07fc234d8b72af,
        type: 3}
      propertyPath: m_LocalEulerAnglesHint.y
      value: 0
      objectReference: {fileID: 0}
    - target: {fileID: 8273430370078686411, guid: 0ecdcd9ac26e8486fa07fc234d8b72af,
        type: 3}
      propertyPath: m_LocalEulerAnglesHint.z
      value: 0
      objectReference: {fileID: 0}
    m_RemovedComponents: []
  m_SourcePrefab: {fileID: 100100000, guid: 0ecdcd9ac26e8486fa07fc234d8b72af, type: 3}
--- !u!4 &5649806554437408505 stripped
Transform:
  m_CorrespondingSourceObject: {fileID: 8273430370078686411, guid: 0ecdcd9ac26e8486fa07fc234d8b72af,
    type: 3}
  m_PrefabInstance: {fileID: 4375533146643212850}
  m_PrefabAsset: {fileID: 0}
